<?xml version="1.0" encoding="UTF-8"?><collection xmlns="http://www.loc.gov/MARC21/slim"><record><leader>00624nam--2200217-u-4500</leader><controlfield tag="001">000050577</controlfield><controlfield tag="002">20161230</controlfield><controlfield tag="005">20170128000047</controlfield><controlfield tag="008">070919s1000------------r-----000-0-eng-d</controlfield><datafield ind1=" " ind2=" " tag="040"><subfield code="a">IFIN-HH</subfield></datafield><datafield ind1=" " ind2=" " tag="041"><subfield code="a">fre</subfield></datafield><datafield ind1=" " ind2=" " tag="080"><subfield code="a">517.91</subfield></datafield><datafield ind1="1" ind2=" " tag="100"><subfield code="a">Moszynski, Krsystof</subfield></datafield><datafield ind1="1" ind2="0" tag="245"><subfield code="a">Sur Les Systemes Infinis D'Equations Differentilles Ordinaires Dans Certains Espaces De Frechet</subfield></datafield><datafield ind1=" " ind2=" " tag="260"><subfield code="a">Warszawa</subfield><subfield code="b">Panstwowe Wydawnictwo Naukowe</subfield><subfield code="c">1974</subfield></datafield><datafield ind1=" " ind2=" " tag="300"><subfield code="a">37 p</subfield></datafield><datafield ind1=" " ind2=" " tag="490"><subfield code="a">Dissertationes Mathematicae</subfield><subfield code="v">Vol.CXV</subfield></datafield><datafield ind1=" " ind2="4" tag="650"><subfield code="a">Mateices Infinies</subfield></datafield><datafield ind1=" " ind2=" " tag="700"><subfield code="a">Pokrzywa, Andrej</subfield></datafield><datafield ind1=" " ind2=" " tag="852"><subfield code="c">51</subfield></datafield><datafield ind1=" " ind2=" " tag="CAT"><subfield code="a">SYS</subfield><subfield code="c">20170128</subfield><subfield code="h">000047</subfield></datafield></record></collection>